<record><leader>00000cas a22000007a 4500</leader><controlfield tag="001">14122027</controlfield><controlfield tag="008">860821d18641944pauwr ne      0    0eng d</controlfield><datafield ind1=" " ind2=" " tag="010"><subfield code="a">sn 86053633 </subfield></datafield><datafield ind1=" " ind2=" " tag="040"><subfield code="a">NPX</subfield><subfield code="b">eng</subfield><subfield code="c">NPX</subfield><subfield code="d">NPH</subfield><subfield code="d">OCL</subfield><subfield code="d">OCLCQ</subfield></datafield><datafield ind1=" " ind2=" " tag="019"><subfield code="a">14391131</subfield></datafield><datafield ind1=" " ind2=" " tag="042"><subfield code="a">msc</subfield></datafield><datafield ind1="0" ind2="0" tag="245"><subfield code="a">Snyder County tribune.</subfield></datafield><datafield ind1=" " ind2=" " tag="260"><subfield code="a">Middleburg, Pa. :</subfield><subfield code="b">John Bilger &amp; John H. Louis,</subfield><subfield code="c">1864-1944.</subfield></datafield><datafield ind1=" " ind2=" " tag="300"><subfield code="a">80 v. ;</subfield><subfield code="c">55 cm.</subfield></datafield><datafield ind1=" " ind2=" " tag="310"><subfield code="a">Weekly</subfield></datafield><datafield ind1="0" ind2=" " tag="362"><subfield code="a">Vol. 8, no. 13 (Aug. 3, 1864)-v. 88, no. 14 (Apr. 6, 1944).</subfield></datafield><datafield ind1=" " ind2=" " tag="500"><subfield code="a">Published at Middleburg, Pa., 1864-1871; at Selinsgrove, Pa., 1871-1944.</subfield></datafield><datafield ind1=" " ind2=" " tag="500"><subfield code="a">Publishers: John Bilger, &lt;1866&gt;; Jos. A. Lumbard, &lt;1876&gt;.</subfield></datafield><datafield ind1=" " ind2=" " tag="500"><subfield code="a">"Republican," &lt;1876&gt;.</subfield></datafield><datafield ind1=" " ind2=" " tag="500"><subfield code="a">Editors: John Bilger, &lt;1866&gt;; Jos. A. Lumbard, &lt;1876&gt;.</subfield></datafield><datafield ind1=" " ind2=" " tag="752"><subfield code="a">United States</subfield><subfield code="b">Pennsylvania</subfield><subfield code="c">Snyder</subfield><subfield code="d">Selinsgrove.</subfield></datafield><datafield ind1=" " ind2=" " tag="752"><subfield code="a">United States</subfield><subfield code="b">Pennsylvania</subfield><subfield code="c">Snyder</subfield><subfield code="d">Middleburg.</subfield></datafield><datafield ind1="0" ind2="0" tag="780"><subfield code="t">Weekly tribune (Middleburg, Pa.)</subfield><subfield code="w">(DLC)sn 86053632</subfield></datafield><datafield ind1="0" ind2="7" tag="785"><subfield code="t">Selinsgrove times</subfield><subfield code="w">(DLC)sn 84026390</subfield></datafield><datafield ind1="0" ind2="7" tag="785"><subfield code="t">Selinsgrove times and the Snyder County tribune</subfield><subfield code="w">(DLC)sn 86083287</subfield></datafield><datafield ind1="1" ind2=" " tag="029"><subfield code="a">AU@</subfield><subfield code="b">000025792964</subfield></datafield></record>